<record><leader>01383cam a2200349 a 4500</leader><controlfield tag="001">1354871</controlfield><controlfield tag="008">910207s1985    ctuaf    b      1 0 eng d</controlfield><datafield ind1=" " ind2=" " tag="010"><subfield code="a">   85003131 //r86</subfield></datafield><datafield ind1=" " ind2=" " tag="020"><subfield code="a">0300032935 (alk. paper)</subfield></datafield><datafield ind1=" " ind2=" " tag="035"><subfield code="a">ocm11676681</subfield></datafield><datafield ind1=" " ind2=" " tag="040"><subfield code="a">DLC</subfield><subfield code="b">eng</subfield><subfield code="c">DLC</subfield></datafield><datafield ind1=" " ind2=" " tag="040"><subfield code="b">eng</subfield><subfield code="d">AVC</subfield></datafield><datafield ind1=" " ind2=" " tag="043"><subfield code="a">n-us---</subfield></datafield><datafield ind1=" " ind2=" " tag="049"><subfield code="a">AEU</subfield><subfield code="b">eng</subfield></datafield><datafield ind1="0" ind2="0" tag="050"><subfield code="a">HV5287.A64</subfield><subfield code="b">K47 1985</subfield></datafield><datafield ind1="0" ind2=" " tag="082"><subfield code="a">363.4/1/06073</subfield><subfield code="2">19</subfield></datafield><datafield ind1=" " ind2=" " tag="090"><subfield code="a">HV 5287 A64 K47 1985</subfield><subfield code="b">ACHCU</subfield></datafield><datafield ind1="0" ind2=" " tag="090"><subfield code="a">HV 5287 A64 K42 1985</subfield></datafield><datafield ind1=" " ind2=" " tag="090"><subfield code="a">HV 5287.A64 K47 1985</subfield><subfield code="b">AVC</subfield></datafield><datafield ind1="1" ind2=" " tag="100"><subfield code="a">Kerr, K. Austin</subfield><subfield code="q">(Kathel Austin)</subfield></datafield><datafield ind1="1" ind2="0" tag="245"><subfield code="a">Organized for prohibition :</subfield><subfield code="b">a new history of the Anti-saloon League /</subfield><subfield code="c">K. Austin Kerr.</subfield></datafield><datafield ind1=" " ind2=" " tag="260"><subfield code="a">New Haven :</subfield><subfield code="b">Yale University Press,</subfield><subfield code="c">c1985.</subfield></datafield><datafield ind1=" " ind2=" " tag="300"><subfield code="a">xvii, 293 p., [8] p. of plates :</subfield><subfield code="b">ill. ;</subfield><subfield code="c">25 cm.</subfield></datafield><datafield ind1=" " ind2=" " tag="336"><subfield code="a">text</subfield><subfield code="b">txt</subfield><subfield code="2">rdacontent</subfield></datafield><datafield ind1=" " ind2=" " tag="337"><subfield code="a">unmediated</subfield><subfield code="b">n</subfield><subfield code="2">rdamedia</subfield></datafield><datafield ind1=" " ind2=" " tag="338"><subfield code="a">volume</subfield><subfield code="b">nc</subfield><subfield code="2">rdacarrier</subfield></datafield><datafield ind1=" " ind2=" " tag="504"><subfield code="a">Includes bibliographical references and index.</subfield></datafield><datafield ind1=" " ind2=" " tag="596"><subfield code="a">23 52</subfield></datafield><datafield ind1="2" ind2="0" tag="610"><subfield code="a">Anti-saloon League of America</subfield><subfield code="x">History.</subfield></datafield><datafield ind1=" " ind2="0" tag="650"><subfield code="a">Prohibition</subfield><subfield code="z">United States</subfield><subfield code="x">History.</subfield></datafield><datafield ind1=" " ind2=" " tag="926"><subfield code="a">HV 5287 A64 K47 1985</subfield><subfield code="w">LC</subfield><subfield code="c">1</subfield><subfield code="i">32860000113281</subfield><subfield code="d">11/18/2011</subfield><subfield code="e">11/18/2010</subfield><subfield code="f">11/18/2011</subfield><subfield code="g">1</subfield><subfield code="l">ON_SHELF</subfield><subfield code="m">BURMAN</subfield><subfield code="n">3</subfield><subfield code="p">$150.00</subfield><subfield code="r">Y</subfield><subfield code="s">Y</subfield><subfield code="t">BOOK</subfield><subfield code="u">6/18/1997</subfield></datafield><datafield ind1=" " ind2=" " tag="926"><subfield code="a">HV 5287.A64 K47 1985</subfield><subfield code="w">LC</subfield><subfield code="c">1</subfield><subfield code="i">38288000345196</subfield><subfield code="d">12/7/2014</subfield><subfield code="e">4/4/2014</subfield><subfield code="f">12/7/2014</subfield><subfield code="g">3</subfield><subfield code="l">ON_SHELF</subfield><subfield code="m">LAKELND_LL</subfield><subfield code="n">1</subfield><subfield code="r">Y</subfield><subfield code="s">Y</subfield><subfield code="t">BOOK</subfield><subfield code="u">5/18/2005</subfield></datafield></record>